
@book{cook-2012,
   Author = {Roger L. Cooke},
   Title = {The History of Mathematics: A Brief Course},
   Publisher = {John Wiley \& Sons},
   Year = {2012},
   ISBN = {1118460294},
   URL = {https://www.amazon.com/History-Mathematics-Brief-Course/dp/1118460294?SubscriptionId=0JYN1NVW651KCA56C102&tag=techkie-20&linkCode=xm2&camp=2025&creative=165953&creativeASIN=1118460294}
}

@MISC{pkg-tufte,
   author = {Kevin Godby},
   title = {The \texttt{tufte-latex} package},
   year = {2015},
   month = dec,
   howpublished = {\url{https://tufte-latex.github.io/tufte-latex/}}
}

@MISC{miller-geodetic,
   author = {Jonah Miller},
   title = {The Geodetic Effect: Measuring the Curvature of Spacetime},
   year = {2015},
   month = dec,
   howpublished = {\url{http://www.thephysicsmill.com/2015/12/27/measuring-the-curvature-of-spacetime-with-the-geodetic-effect/}}
}

@article{gpb-2011,
   title = {Gravity Probe B: Final Results of a Space Experiment to Test General Relativity},
   author = {Everitt, C. W. F. and DeBra, D. B. and Parkinson, B. W. and Turneaure, J. P. and Conklin, J. W. and Heifetz, M. I. and Keiser, G. M.  and Silbergleit, A. S. and Holmes, T. and Kolodziejczak, J. and Al-Meshari, M. and Mester, J. C. and Muhlfelder, B. and Solomonik, V.  G. and Stahl, K. and Worden, P. W. and Bencze, W. and Buchman, S.  and Clarke, B. and Al-Jadaan, A. and Al-Jibreen, H. and Li, J. and Lipa, J. A. and Lockhart, J. M. and Al-Suwaidan, B. and Taber, M. and Wang, S.},
   journal = {Phys. Rev. Lett.},
   volume = {106},
   issue = {22},
   pages = {221101},
   numpages = {5},
   year = {2011},
   month = {May},
   publisher = {American Physical Society},
   doi = {10.1103/PhysRevLett.106.221101},
   url = {https://link.aps.org/doi/10.1103/PhysRevLett.106.221101}
}

@Article{rowe-2006,
   author="Rowe, David E.",
   title="Euclidean geometry and physical space",
   journal="The Mathematical Intelligencer",
   year="2006",
   month="Mar",
   day="01",
   volume="28",
   number="2",
   pages="51--59",
   issn="0343-6993",
   doi="10.1007/BF02987157",
   url="https://doi.org/10.1007/BF02987157"
}

@book{huggett-2010,
   Author = {Nick Huggett},
   Title = {Everywhere and Everywhen: Adventures in Physics and Philosophy},
   Publisher = {Oxford University Press},
   Year = {2010},
   ISBN = {0195379519},
   URL = {https://www.amazon.com/Everywhere-Everywhen-Adventures-Physics-Philosophy/dp/0195379519?SubscriptionId=0JYN1NVW651KCA56C102&tag=techkie-20&linkCode=xm2&camp=2025&creative=165953&creativeASIN=0195379519}
}

@BOOK{Tufte2006,
   author = {Edward R. Tufte},
   title = {Beautiful Evidence},
   year = {2006},
   publisher = {Graphics Press, {LLC}},
   month = {May},
   edition = {First},
   place = {Cheshire, Connecticut},
   isbn = {0-9613921-7-7}
}

@BOOK{Tufte2001,
   author = {Edward R. Tufte},
   title = {The Visual Display of Quantitative Information},
   publisher = {Graphics Press},
   year = {2001},
   address = {Cheshire, Connecticut},
   isbn = {0-9613921-4-2}
}

@BOOK{Tufte1990,
   author = {Edward R. Tufte},
   title = {Envisioning Information},
   publisher = {Graphics Press},
   year = {1990},
   address = {Cheshire, Connecticut},
   isbn = {0-9613921-1-8}
}

@BOOK{Tufte1997,
   author = {Edward R. Tufte},
   title = {Visual Explanations},
   publisher = {Graphics Press},
   year = {1997},
   address = {Cheshire, Connecticut},
   isbn = {0-9613921-2-6}
}

@BOOK{Bringhurst2005,
   author = {Robert Bringhurst},
   title = {The Elements of Typography},
   publisher = {Hartley \& Marks},
   year = {2005},
   edition = {3.1},
   isbn = {0-88179-205-5}
}

@BOOK{Mittelbach2004,
   author = {Frank Mittelbach and Michel Goossens},
   title = {The \LaTeX\ Companion},
   publisher = {Addison--Wesley},
   year = {2004},
   edition = {Second},
   isbn = {0-201-36299-6}
}

@MISC{pkg-geometry,
   author = {Hideo Umeki},
   title = {The \texttt{geometry} package},
   year = {2008},
   month = dec,
   howpublished = {\url{http://ctan.org/pkg/geometry}}
}

